

@article{fineclar82b,
  author =        {P. E. M. Fine and J. A. Clarkson},
  journal =       {International Journal of Epidemiology},
  pages =         {5--15},
  title =         {Measles in {England} and {Wales}-{I}: an analysis of
                   factors underlying seasonal patterns},
  volume =        {11},
  year =          {1982},
}

@article{grenande85,
  author =        {B. T. Grenfell and R. M. Anderson},
  journal =       {Journal of Hygiene (Cambridge)},
  pages =         {419--436},
  title =         {The estimation of age-related rates of infection from
                   case notifications and serological data},
  volume =        {95},
  year =          {1985},
}

@article{andemay85,
  author =        {R. M. Anderson and R. M. May},
  journal =       {Journal of Hygiene (Cambridge)},
  pages =         {365--436},
  title =         {Age-related changes in the rate of disease
                   transmission: implications for the design of
                   vaccination programmes},
  volume =        {94},
  year =          {1985},
}

@book{andemaybook,
  author =        {Roy M. Anderson and Robert M. May},
  publisher =     {Oxford University Press},
  title =         {Infectious Diseases of Humans: Dynamics and Control},
  year =          {1992},
}

