@article{griewankIntroduction2003,
  title = {Introduction to {{Automatic Differentiation}}},
  author = {Griewank, Andreas and Walther, Andrea},
  year = {2003},
  journal = {PAMM},
  volume = {2},
  number = {1},
  pages = {45--49},
  issn = {1617-7061},
  doi = {10.1002/pamm.200310012},
  urldate = {2020-09-18},
  abstract = {Automatic, or algorithmic, differentiation (AD) is a chain rule-based technique for evaluating derivatives of functions given as computer programs for their elimination. We review the main characteristics and application of AD and illustrate the methodology on a simple example.},
  copyright = {Copyright {\copyright} 2003 WILEY-VCH Verlag GmbH \& Co. KGaA, Weinheim},
  langid = {english},
  file = {/home/bolker/Zotero/storage/WMFYIFDJ/Griewank and Walther - 2003 - Introduction to Automatic Differentiation.pdf;/home/bolker/Zotero/storage/PABDERVX/pamm.html}
}

@article{kristensenTMB2016,
  title = {{{TMB}} : {{Automatic Differentiation}} and \{\vphantom\}{{Laplace}}\vphantom\{\} {{Approximation}}},
  shorttitle = {{{{\textbf{TMB}}}}},
  author = {Kristensen, Kasper and Nielsen, Anders and Berg, Casper W. and Skaug, Hans and Bell, Bradley M.},
  year = {2016},
  journal = {Journal of Statistical Software},
  volume = {70},
  number = {5},
  issn = {1548-7660},
  doi = {10.18637/jss.v070.i05},
  urldate = {2017-05-23},
  langid = {english},
  file = {/home/bolker/Documents/zotero_new/storage/B35XN3DP/v70i05.pdf}
}
